% This file was created with JabRef 2.10.
% Encoding: UTF8

@PREAMBLE{ {\providecommand{\noopsort}[1]{}} }

@String { ACM      = {The OX Association for Computing Machinery} }
@String { STOC     = { Symposium on the Theory of Computing} }
@String { STOC-key = {OX{\singleletter{stoc}}} }

@Book{Knuth:1997:ACP:260999,
 author = {Knuth, Donald E.},
 title = {The Art of Computer Programming, Volume 1 (3rd Ed.): Fundamental Algorithms},
 year = {1997},
 isbn = {0-201-89683-4},
 publisher = {Addison Wesley Longman Publishing Co., Inc.},
 address = {Redwood City, CA, USA},
}

@article{journals/combinatorics/BrandenC11,
  added-at = {2012-01-10T00:00:00.000+0100},
  author = {Brändén, Petter and Claesson, Anders},
  biburl = {http://www.bibsonomy.org/bibtex/22bf728c1a0e3a13ae75d8a5d4d2a953f/dblp},
  ee = {http://www.combinatorics.org/Volume_18/Abstracts/v18i2p5.html},
  interhash = {f4ca92ac4ca0e97d364cb3b1099d5d48},
  intrahash = {2bf728c1a0e3a13ae75d8a5d4d2a953f},
  journal = {Electr. J. Comb.},
  keywords = {dblp},
  number = 2,
  timestamp = {2012-01-11T11:34:02.000+0100},
  title = {Mesh Patterns and the Expansion of Permutation Statistics as Sums of Permutation Patterns.},
  url = {http://dblp.uni-trier.de/db/journals/combinatorics/combinatorics18.html#BrandenC11},
  volume = 18,
  year = 2011
}
@article{DBLP:journals/combinatorics/HilmarssonJSVU15,
  author    = {{\'{I}}sak Hilmarsson and
               Ingibj{\"{o}}rg J{\'{o}}nsd{\'{o}}ttir and
               Steinunn Sigur{\dh}ard{\'{o}}ttir and
               L{\'{\i}}na Vi{\dh}arsd{\'{o}}ttir and
               Henning Ulfarsson},
  title     = {Wilf-Classification of Mesh Patterns of Short Length},
  journal   = {Electr. J. Comb.},
  volume    = {22},
  number    = {4},
  pages     = {P4.13},
  year      = {2015},
  url       = {http://www.combinatorics.org/ojs/index.php/eljc/article/view/v22i4p13},
  timestamp = {Sat, 31 Oct 2015 14:10:54 +0100},
  biburl    = {http://dblp.dagstuhl.de/rec/bib/journals/combinatorics/HilmarssonJSVU15},
  bibsource = {dblp computer science bibliography, http://dblp.org}
}
@article{DBLP:journals/corr/ClaessonTU14,
  author    = {Anders Claesson and
               Bridget Eileen Tenner and
               Henning Ulfarsson},
  title     = {Coincidence among families of mesh patterns},
  journal   = {CoRR},
  volume    = {abs/1412.0703},
  year      = {2014},
  url       = {http://arxiv.org/abs/1412.0703},
  timestamp = {Thu, 01 Jan 2015 19:51:08 +0100},
  biburl    = {http://dblp.dagstuhl.de/rec/bib/journals/corr/ClaessonTU14},
  bibsource = {dblp computer science bibliography, http://dblp.org}
}

@article{DBLP:journals/ejc/Claesson01,
  author    = {Anders Claesson},
  title     = {Generalized Pattern Avoidance},
  journal   = {Eur. J. Comb.},
  volume    = {22},
  number    = {7},
  pages     = {961--971},
  year      = {2001},
  url       = {http://dx.doi.org/10.1006/eujc.2001.0515},
  doi       = {10.1006/eujc.2001.0515},
  timestamp = {Mon, 23 May 2005 10:45:49 +0200},
  biburl    = {http://dblp.uni-trier.de/rec/bib/journals/ejc/Claesson01},
  bibsource = {dblp computer science bibliography, http://dblp.org}
}
@ARTICLE{2012arXiv1201.6243K,
   author = {{Kitaev}, S. and {Remmel}, J. and {Tiefenbruck}, M.},
    title = "{Quadrant marked mesh patterns in 132-avoiding permutations {I}}",
  journal = {ArXiv e-prints},
archivePrefix = "arXiv",
   eprint = {1201.6243},
 primaryClass = "math.CO",
 keywords = {Mathematics - Combinatorics},
     year = 2012,
    month = jan,
   adsurl = {http://adsabs.harvard.edu/abs/2012arXiv1201.6243K},
  adsnote = {Provided by the SAO/NASA Astrophysics Data System}
}
@article {babstein2000,
    AUTHOR = {Babson,Eric and Steingr{\'{i}}msson, Einar},
     TITLE = {Generalized permutation patterns and a classification of the
              {M}ahonian statistics},
   JOURNAL = {S\'em. Lothar. Combin.},
  FJOURNAL = {S\'eminaire Lotharingien de Combinatoire},
    VOLUME = {44},
      YEAR = {2000},
     PAGES = {Art. B44b, 18 pp. (electronic)},
      ISSN = {1286-4889},
   MRCLASS = {05A15},
  MRNUMBER = {1758852},
}
@article {MR2652101,
    AUTHOR = {Bousquet-M{\'e}lou, Mireille and Claesson, Anders and Dukes,
              Mark and Kitaev, Sergey},
     TITLE = {{$(2+2)$}-free posets, ascent sequences and pattern avoiding
              permutations},
   JOURNAL = {J. Combin. Theory Ser. A},
  FJOURNAL = {Journal of Combinatorial Theory. Series A},
    VOLUME = {117},
      YEAR = {2010},
    NUMBER = {7},
     PAGES = {884--909},
      ISSN = {0097-3165},
     CODEN = {JCBTA7},
   MRCLASS = {05A19 (05A05 06A07)},
  MRNUMBER = {2652101},
MRREVIEWER = {Sergi Elizalde},
       DOI = {10.1016/j.jcta.2009.12.007},
       URL = {http://dx.doi.org/10.1016/j.jcta.2009.12.007},
}

@article {MR2264071,
    AUTHOR = {Woo, Alexander and Yong, Alexander},
     TITLE = {When is a {S}chubert variety {G}orenstein?},
   JOURNAL = {Adv. Math.},
  FJOURNAL = {Advances in Mathematics},
    VOLUME = {207},
      YEAR = {2006},
    NUMBER = {1},
     PAGES = {205--220},
      ISSN = {0001-8708},
     CODEN = {ADMTA4},
   MRCLASS = {14M15},
  MRNUMBER = {2264071},
MRREVIEWER = {Venkatramani Lakshmibai},
       DOI = {10.1016/j.aim.2005.11.010},
       URL = {http://dx.doi.org/10.1016/j.aim.2005.11.010},
}

@book {MR2716312,
    AUTHOR = {West, Julian},
     TITLE = {Permutations with forbidden subsequences and stack-sortable
              permutations},
      NOTE = {Thesis (Ph.D.)--Massachusetts Institute of Technology},
 PUBLISHER = {ProQuest LLC, Ann Arbor, MI},
      YEAR = {1990},
     PAGES = {(no paging)},
   MRCLASS = {Thesis},
  MRNUMBER = {2716312},
       URL =
              {http://gateway.proquest.com/openurl?url_ver=Z39.88-2004&rft_val_fmt=info:ofi/fmt:kev:mtx:dissertation&res_dat=xri:pqdiss&rft_dat=xri:pqdiss:0570328},
}

@article {MR2178749,
    AUTHOR = {Claesson, Anders and Mansour, Toufik},
     TITLE = {Enumerating permutations avoiding a pair of
              {B}abson-{S}teingr{\'{i}}msson patterns},
   JOURNAL = {Ars Combin.},
  FJOURNAL = {Ars Combinatoria},
    VOLUME = {77},
      YEAR = {2005},
     PAGES = {17--31},
      ISSN = {0381-7032},
     CODEN = {ACOMDN},
   MRCLASS = {05A05 (05A15)},
  MRNUMBER = {2178749},
MRREVIEWER = {Astrid Reifegerste},
}
@ARTICLE{2015arXiv151203226B,
   author = {{Bean}, C. and {Claesson}, A. and {Ulfarsson}, H.},
    title = "{Simultaneous Avoidance of a Vincular and a Covincular Pattern of Length 3}",
  journal = {ArXiv e-prints},
archivePrefix = "arXiv",
   eprint = {1512.03226},
 primaryClass = "math.CO",
 keywords = {Mathematics - Combinatorics, 05A05, 05A15},
     year = 2015,
    month = dec,
   adsurl = {http://adsabs.harvard.edu/abs/2015arXiv151203226B},
  adsnote = {Provided by the SAO/NASA Astrophysics Data System}
}

@Book{adams84fish,
  Title                    = {So long, and thanks for all the fish},
  Author                   = {Douglas Adams},
  Publisher                = {Harmony Books},
  Year                     = {1984},

  Owner                    = {foley},
  Timestamp                = {2015.03.19}
}
